<record><leader>00000cas a22000007a 4500</leader><controlfield tag="001">29993672</controlfield><controlfield tag="008">940321c19809999tnuwr ne      |   a0eng  </controlfield><datafield ind1=" " ind2=" " tag="010"><subfield code="a">sn 97065052 </subfield></datafield><datafield ind1=" " ind2=" " tag="040"><subfield code="a">TTU</subfield><subfield code="b">eng</subfield><subfield code="c">TTU</subfield><subfield code="d">OCL</subfield><subfield code="d">TGN</subfield><subfield code="d">OCLCQ</subfield><subfield code="d">DLC</subfield><subfield code="d">OCLCF</subfield><subfield code="d">OCLCO</subfield></datafield><datafield ind1=" " ind2=" " tag="012"><subfield code="m">1</subfield></datafield><datafield ind1="0" ind2=" " tag="022"><subfield code="a">2331-5679</subfield><subfield code="2">1</subfield></datafield><datafield ind1="1" ind2=" " tag="029"><subfield code="a">AU@</subfield><subfield code="b">000025923785</subfield></datafield><datafield ind1=" " ind2=" " tag="032"><subfield code="a">10510</subfield><subfield code="b">USPS</subfield></datafield><datafield ind1=" " ind2=" " tag="037"><subfield code="b">Mt. Juliet Communications, Inc., P.O. Box 647, Mt. Juliet, TN 37121</subfield></datafield><datafield ind1=" " ind2=" " tag="042"><subfield code="a">pcc</subfield><subfield code="a">nsdp</subfield></datafield><datafield ind1=" " ind2=" " tag="043"><subfield code="a">n-us-tn</subfield></datafield><datafield ind1="1" ind2="0" tag="050"><subfield code="a">ISSN RECORD</subfield></datafield><datafield ind1="1" ind2="0" tag="082"><subfield code="a">051</subfield><subfield code="2">23</subfield></datafield><datafield ind1=" " ind2="4" tag="222"><subfield code="a">The chronicle of Mt. Juliet.</subfield></datafield><datafield ind1="0" ind2="4" tag="245"><subfield code="a">The chronicle of Mt. Juliet.</subfield></datafield><datafield ind1="3" ind2=" " tag="246"><subfield code="a">Chronicle of Mount Juliet</subfield></datafield><datafield ind1="1" ind2=" " tag="246"><subfield code="a">Chronicle of Mt. Juliet Ltd.</subfield></datafield><datafield ind1=" " ind2=" " tag="260"><subfield code="a">Mount Juliet, Tenn. :</subfield><subfield code="b">Mt. Juliet Communications,</subfield><subfield code="c">1980-</subfield></datafield><datafield ind1=" " ind2=" " tag="300"><subfield code="a">v. :</subfield><subfield code="b">ill. ;</subfield><subfield code="c">39 cm.</subfield></datafield><datafield ind1=" " ind2=" " tag="310"><subfield code="a">Weekly</subfield></datafield><datafield ind1="0" ind2=" " tag="362"><subfield code="a">Vol. 1, no. 1 (Sept. 3, 1980)- ; New ser., vol. 1, no. 1 (Dec. 12, 2012)-</subfield></datafield><datafield ind1=" " ind2=" " tag="588"><subfield code="a">Latest issue consulted: Vol. 1, no. 1 (Dec. 12, 2012) (surrogate).</subfield></datafield><datafield ind1=" " ind2="0" tag="651"><subfield code="a">Mount Juliet (Tenn.)</subfield><subfield code="v">Newspapers.</subfield></datafield><datafield ind1=" " ind2="0" tag="651"><subfield code="a">Wilson County (Tenn.)</subfield><subfield code="v">Newspapers.</subfield></datafield><datafield ind1=" " ind2="7" tag="655"><subfield code="a">Newspapers.</subfield><subfield code="2">fast</subfield><subfield code="0">(OCoLC)fst01423814</subfield></datafield><datafield ind1=" " ind2="7" tag="651"><subfield code="a">Tennessee</subfield><subfield code="z">Mount Juliet.</subfield><subfield code="2">fast</subfield><subfield code="0">(OCoLC)fst01226747</subfield></datafield><datafield ind1=" " ind2="7" tag="651"><subfield code="a">Tennessee</subfield><subfield code="z">Wilson County.</subfield><subfield code="2">fast</subfield><subfield code="0">(OCoLC)fst01214430</subfield></datafield><datafield ind1=" " ind2=" " tag="752"><subfield code="a">United States</subfield><subfield code="b">Tennessee</subfield><subfield code="c">Wilson</subfield><subfield code="d">Mount Juliet.</subfield></datafield></record>